@TechReport{appnoteti,
  author      = {Richard Kulavik},
  institution = {Texas Instruments},
  title       = {An easy solution to current limiting an OP Amp},
  year        = {2000},
  url         = {https://www.ti.com/lit/pdf/sbva011},
}

@Misc{digikey,
  author       = {CubedSolution},
  howpublished = {Website},
  title        = {Protecting Input in Digital Electronics},
  year         = {2012},
  institution  = {Digikey},
  url          = {https://www.digikey.be/en/articles/protecting-inputs-in-digital-electronics},
}

@Article{FilipovaPetrakieva2020,
  author    = {S. K. Filipova-Petrakieva and Y. M. Shopov},
  journal   = {Engineering, Technology {\&} Applied Science Research},
  title     = {Electrical Device Protection from Overvoltage in a {DC} Power Supply Network: Fast-acting Protection, Realized by an {\textquotedblleft}Artificial{\textquotedblright} Short Circuit in the Input of the Protected Device},
  year      = {2020},
  month     = {feb},
  number    = {1},
  pages     = {5314--5319},
  volume    = {10},
  doi       = {10.48084/etasr.3316},
  publisher = {Engineering, Technology {\&} Applied Science Research},
}

@Misc{Elliott2018,
  author       = {Elliott Rod},
  howpublished = {Website},
  title        = {Input Protection Circuits},
  year         = {2018},
  institution  = {Elliot Sound Products (ESP)},
  url          = {https://sound-au.com/appnotes/an015.htm},
}

@Manual{NI2023,
  title        = {Spécifications expliquées : DAQ d’E/S NI multifonctions (MIO)},
  author       = {Unknow},
  organization = {National Instruments},
  year         = {2023},
  institution  = {National Instruments},
  url          = {https://www.ni.com/fr-be/support/documentation/supplemental/16/specifications-explained--ni-multifunction-i-o--mio--daq.html#OutputCurrentDrive},
}

@Misc{Gabriel2012,
  author       = {Cormier Gabriel},
  howpublished = {Website},
  title        = {Chapitre 3 : Adaptation d'impédances},
  year         = {2012},
  url          = {https://www.yumpu.com/fr/document/read/16919487/gele5223-chapitre-4-universite-de-moncton},
}

@Misc{Sivadier2017,
  author       = {Christophe Sivadier},
  howpublished = {Website},
  title        = {Inkscape, l'essentiel. Prendre en main le logiciel pour une utilisation orientée pour la découpe et gravure laser},
  year         = {2017},
  url          = {https://e-square.marche.be/wp-content/uploads/2020/05/Inkscape-Lessentiel.pdf},
}

@Manual{TL064,
  title        = {TL06xx Low-Power JFET-Input Operational Amplifiers},
  address      = {Texas Instruments, Post Office Box 655303, Dallas, Texas 75265},
  author       = {Unknown},
  edition      = {Rev.L},
  organization = {Texas Instruments},
  year         = {2015},
   url          = {https%3A%2F%2Fwww.ti.com%2Fproduct%2FTL064%2Fpart-details%2FTL064ID%3FkeyMatch%3DTL064ID%26tisearch%3Dsearch-everything%26usecase%3DOPN},
}

@Manual{LT4363AD,
  title        = {LT4363, High Voltage Surge Stopper with Current Limit},
  address      = {1630 McCarthy Blvd., Milpitas, CA 95035-7417},
  author       = {Unknown},
  edition      = {Rev.B},
  organization = {Analog Devices},
  url          = {https://www.analog.com/media/en/technical-documentation/data-sheets/4363fb.pdf},
}

@Misc{Rousseau,
  author       = {Jean-Jacques Rousseau},
  howpublished = {Website},
  title        = {Circuits écrêteurs à diodes},
  url          = {http://ressources.univ-lemans.fr/AccesLibre/UM/Pedago/physique/02/electro/ecreteur.html},
}

@Comment{jabref-meta: databaseType:bibtex;}
